<collection xmlns="http://www.loc.gov/MARC21/slim">
<record>
  <leader>01236nam0a2200277 i 450 </leader>
  <controlfield tag="001">IT\ICCU\CNCE\065539</controlfield>
  <controlfield tag="005">20061110000000.0</controlfield>
  <datafield tag="012" ind1=" " ind2=" ">
    <subfield code="a">mam, irap isci aumu (3) 1566 (A)</subfield>
    <subfield code="2">fei</subfield>
  </datafield>
  <datafield tag="100" ind1=" " ind2=" ">
    <subfield code="a">20060726d1566        0itac0103    ba</subfield>
  </datafield>
  <datafield tag="101" ind1=" " ind2=" ">
    <subfield code="a">LAT</subfield>
  </datafield>
  <datafield tag="102" ind1=" " ind2=" ">
    <subfield code="a">IT</subfield>
  </datafield>
  <datafield tag="200" ind1="1" ind2=" ">
    <subfield code="a">Officium beatae Mariae virginis secundum consuetudinem fratrum Seruorum, nec non officium beati Philippi confess. eiusdem Ord. cum missis &amp; multis alijs nunqum̉ sic alis̉ dispositis vel impressis</subfield>
  </datafield>
  <datafield tag="210" ind1=" " ind2=" ">
    <subfield code="a">Venetijs</subfield>
    <subfield code="d">1566</subfield>
  </datafield>
  <datafield tag="215" ind1=" " ind2=" ">
    <subfield code="a">32 c.</subfield>
    <subfield code="c">ill.</subfield>
    <subfield code="d">8ʻ</subfield>
  </datafield>
  <datafield tag="620" ind1=" " ind2=" ">
    <subfield code="a">IT</subfield>
    <subfield code="d">Venezia</subfield>
  </datafield>
  <datafield tag="710" ind1="0" ind2="2">
    <subfield code="a">Servi di Maria</subfield>
    <subfield code="3">7314</subfield>
  </datafield>
  <datafield tag="712" ind1="0" ind2="2">
    <subfield code="a">s.n.</subfield>
    <subfield code="3">IT\ICCU\CNCT\000002</subfield>
    <subfield code="4">650</subfield>
  </datafield>
  <datafield tag="791" ind1="0" ind2="2">
    <subfield code="a">Congregatio Fratrum Servorum Beatae Mariae</subfield>
    <subfield code="3">15556</subfield>
    <subfield code="z">Servi di Maria</subfield>
  </datafield>
  <datafield tag="791" ind1="0" ind2="2">
    <subfield code="a">Ordo fratrum beatae Mariae servorum</subfield>
    <subfield code="3">15572</subfield>
    <subfield code="z">Servi di Maria</subfield>
  </datafield>
  <datafield tag="791" ind1="0" ind2="2">
    <subfield code="a">Serviti</subfield>
    <subfield code="3">15573</subfield>
    <subfield code="z">Servi di Maria</subfield>
  </datafield>
  <datafield tag="791" ind1="0" ind2="2">
    <subfield code="a">Compagnia de&apos; Servi di Santa Maria</subfield>
    <subfield code="3">24514</subfield>
    <subfield code="z">Servi di Maria</subfield>
  </datafield>
  <datafield tag="791" ind1="0" ind2="2">
    <subfield code="a">Ordo Servorum Mariae</subfield>
    <subfield code="3">24515</subfield>
    <subfield code="z">Servi di Maria</subfield>
  </datafield>
  <datafield tag="801" ind1=" " ind2="3">
    <subfield code="a">IT</subfield>
    <subfield code="b">ICCU</subfield>
    <subfield code="c">20201115</subfield>
  </datafield>
  <datafield tag="899" ind1=" " ind2=" ">
    <subfield code="a">Biblioteca comunale dell&apos;Archiginnasio. Bologna</subfield>
    <subfield code="1">BO0304</subfield>
    <subfield code="2">UBO GA</subfield>
  </datafield>
  <datafield tag="899" ind1=" " ind2=" ">
    <subfield code="a">Biblioteca universitaria Alessandrina. Roma</subfield>
    <subfield code="1">RM0280</subfield>
    <subfield code="2">RML 01</subfield>
  </datafield>
  <datafield tag="899" ind1=" " ind2=" ">
    <subfield code="a">Archivio generale dell&apos;Ordine dei Servi di Maria. Roma</subfield>
    <subfield code="1">RM1566</subfield>
    <subfield code="2">ZRY 01</subfield>
  </datafield>
</record>
</collection>
